
%% This is the main cited paper by far. But there also exists an ISWC paper.
%% And a demo paper. 
@article{ferre2017sparklis,
  TITLE = {{{SPARKLIS}: An Expressive Query Builder for {SPARQL}
                  Endpoints with Guidance in Natural Language}},
  AUTHOR = {Ferr{\'e}, S{\'e}bastien},
  URL = {https://inria.hal.science/hal-01485093},
  JOURNAL = {{Open Journal Of Semantic Web}},
  PUBLISHER = {{Research Online Publishing (RonPub)}},
  VOLUME = {0},
  YEAR = {2017},
  KEYWORDS = {semantic search ; SPARQL endpoint ; query builder ; faceted search ; natural language},
  PDF = {https://inria.hal.science/hal-01485093/file/sparklis-preprint.pdf},
  HAL_ID = {hal-01485093},
  HAL_VERSION = {v1},
}


@InProceedings{steenwinckel2023pyrdf2vec,
  author="Steenwinckel, B. and Vandewiele, G. and Agozzino, T. and Ongenae, F.",
  title="py{RDF2V}ec: A Python Implementation and Extension of {RDF2V}ec",
  booktitle="The Semantic Web",
  year="2023",
  publisher="Springer Nature Switzerland",
  address="Cham",
  pages="471--483",
  isbn="978-3-031-33455-9"
}

@inproceedings{li2016wanderjoin,
  author = {Li, F. and Wu, B. and Yi, K. and Zhao, Z.},
  title = {Wander {J}oin: Online Aggregation via Random Walks},
  year = {2016},
  isbn = {9781450335317},
  publisher = {Association for Computing Machinery},
  address = {New York, NY, USA},
  doi = {10.1145/2882903.2915235},
  booktitle = {Proceedings of the 2016 International Conference on Management of Data},
  pages = {615–629},
  numpages = {15},
  keywords = {joins, online aggregation, random walks},
  location = {San Francisco, California, USA},
  series = {SIGMOD '16}
}